2954 5400
232 324 295 387 126
657 338 782 387 imvm
804 338 953 386 csrr1v1.
1339 320 1388 406 [η

228 494 393 569 -Illum
406 496 610 596 captiuom:
628 496 728 570 hunc
741 521 849 569 suum
863 521 943 569 esse
956 493 1087 582 nescit,
1102 492 1168 592 qui
1181 492 1387 567 domist.-

668 703 709 753 29.
745 702 817 751 domi
828 705 869 751 est
883 701 939 750 V¹J

230 908 279 961 eg.
297 892 370 948 trin.
383 897 418 947 98
436 893 565 965 Exspecto
582 894 608 946 ri
623 892 694 965 quil
709 891 792 958 dicae
806 908 846 945 we
863 890 921 946 find
938 890 967 944 in
983 891 1033 945 the
1050 891 1171 962 protasis
1187 891 1328 962 normally
1339 891 1390 945 the

231 978 299 1032 verb
307 997 385 1051 poue
396 997 427 1033 or
439 981 522 1053 quire,
536 980 626 1035 which
639 982 664 1035 is
677 982 704 1034 in
718 979 768 1034 the
781 978 937 1035 indicative
949 977 1029 1033 when
1041 983 1155 1050 present
1167 996 1199 1032 or
1212 979 1309 1034 future
1320 980 1389 1033 time

230 1063 384 1119 isreserred
395 1071 424 1120 to
433 1064 489 1120 and
498 1065 548 1120 the
557 1065 618 1119 first
627 1082 726 1135 person
738 1064 923 1137 isemployed,
932 1064 984 1119 but
994 1066 1023 1119 in
1033 1065 1071 1119 all
1080 1066 1161 1120 other
1172 1067 1390 1120 circumstances

231 1152 261 1206 in
273 1152 323 1207 the
335 1152 534 1225 Subjunctive;
552 1169 601 1223 eg.
616 1154 656 1223 (1)
669 1152 840 1207 indicative:

231 1258 302 1316 Men.
316 1263 369 1316 417
531 1259 707 1328 adsentabor,
726 1259 865 1332 quidquid
883 1258 965 1329 dicet,
984 1259 1094 1315 mulieri

302 1348 333 1403 si
351 1365 465 1419 possum
483 1349 638 1421 hospitium
656 1349 787 1404 nancisci.

233 1434 309 1491 One
324 1439 373 1491 701

302 1525 439 1579 Animum
457 1524 599 1579 aduertite
613 1525 741 1593 <hoo>‚
754 1525 779 1579 si
797 1541 911 1595 possum
929 1522 982 1576 hoc
1000 1522 1074 1576 inter
1092 1539 1143 1577 uos
1160 1540 1333 1595 componere

234 1629 383 1782 MQZZ
401 1715 438 1770 ad
456 1714 615 1786 exemplum
633 1715 695 1770 estl
731 1715 891 1770 coniectura
908 1715 933 1770 si
951 1715 1072 1787 reperire
1089 1716 1259 1787 possumus?

234 1819 389 1962 Tmffin
407 1925 474 1962 uero
491 1924 542 1978 ego
560 1926 635 1962 nunc
653 1907 843 1980 sycophantae
860 1907 926 1963 huic
944 1907 1142 1980 sycophantari
1159 1908 1232 1977 uolo,

303 1995 333 2049 Si
353 1996 427 2050 hunc
445 2013 560 2067 possum
578 1997 626 2051 illo
645 1997 721 2051 mille
738 2013 886 2050 nummum
907 1997 1069 2068 Philippum
1087 1997 1301 2052 circumducere

285 2128 326 2197 (2)
344 2126 541 2199 Subjunctive:

233 2228 377 2288 11111107
585 2248 650 2286 nam
669 2231 694 2284 si
712 2247 823 2302 possem
841 2230 898 2285 ullo
915 2229 999 2285 modo

410 2319 566 2390 impetrare
583 2325 616 2374 ut
634 2319 733 2388 abiret,
752 2337 788 2374 ne
805 2324 835 2374 te
852 2318 1011 2389 abduceret,
1030 2336 1143 2391 operam
1160 2319 1232 2376 dedi

232 2424 310 2480 Most.
330 2428 382 2481 837

375 2514 416 2568 At
433 2520 466 2568 tu
485 2514 541 2569 isto
558 2514 594 2569 ed
613 2532 664 2569 uos
682 2522 805 2585 optume,
824 2516 958 2587 quoniam
976 2516 1114 2570 cornicem
1132 2515 1233 2586 nequis

375 2601 546 2673 Conspicati,
566 2604 589 2658 si
609 2603 746 2658 uolturios
763 2605 836 2659 forte
853 2605 944 2676 possis
961 2605 1065 2659 contui.

235 2707 299 2763 Oete.
315 2711 365 2761 188
543 2708 590 2763 ille
607 2709 747 2779 extemplo
765 2710 905 2763 seruolum

446 2793 530 2850 Iubet
547 2795 628 2848 illum
646 2795 766 2849 eundem
784 2798 921 2867 persequi,
941 2797 965 2851 si
983 2813 1041 2867 qua
1058 2803 1145 2866 queat

448 2882 578 2952 Reperire
596 2899 668 2952 quae
686 2883 840 2937 sustulerit
878 2884 913 2937 Ei
931 2883 971 2937 rei
990 2900 1065 2937 nunc
1082 2899 1165 2937 suam

447 2969 568 3039 Operam
587 2986 676 3039 usque
694 2969 807 3024 assiduo
825 2988 921 3025 seruos
939 2970 996 3039 det
1016 2971 1041 3025 si
1059 2971 1165 3041 possiet

446 3057 623 3111 Meretricem
641 3057 719 3110 illam
737 3057 871 3112 inuenire.

238 3162 312 3217 Pria.
327 3165 378 3219 557
449 3163 524 3230 Quin
541 3163 588 3217 hic
605 3163 719 3233 quidem
738 3165 817 3235 cupit
836 3165 915 3218 illum
933 3163 970 3218 ab
987 3181 1018 3218 se
1035 3163 1225 3232 abalienarier‚

447 3251 477 3304 Si
495 3267 581 3320 quem
599 3251 719 3321 reperire
737 3251 827 3320 possit
844 3251 890 3305 cui
908 3268 939 3305 os
957 3250 1090 3305 sublinat.

238 3355 312 3410 ltin.
327 3359 377 3410 531
447 3356 500 3409 Em
520 3356 585 3410 istic
603 3361 714 3427 oportet
731 3358 820 3427 opseri
841 3374 931 3412 mores
949 3357 1045 3426 malos,

447 3443 477 3497 Si
496 3445 524 3497 in
544 3443 696 3514 opserendo
714 3445 824 3514 possint
842 3445 982 3499 interfieri.
1120 3449 1124 3457 '

235 3548 325 3602 There
341 3566 388 3602 arc
400 3566 417 3602 a
429 3550 481 3602 few
493 3550 634 3620 examples
646 3552 677 3604 of
692 3550 773 3604 other
789 3551 858 3605 than
876 3551 955 3605 these
971 3549 1079 3604 normal
1095 3555 1176 3621 types
1188 3550 1220 3604 of
1235 3551 1393 3622 expremion

235 3635 304 3690 with
313 3639 345 3705 si,
353 3654 402 3707 eg.
411 3637 510 3692 Pseud.
521 3642 589 3691 1148
599 3639 771 3707 iacendum,
779 3639 805 3692 ri
812 3639 865 3706 dee,
870 3641 986 3711 porroet
994 3657 1113 3705 manum,
1124 3638 1201 3691 Trin.
1212 3641 1264 3693 148
1273 3639 1394 3694 ausculto

235 3724 261 3778 ai
271 3724 342 3797 quial
354 3724 437 3779 duas.

289 3812 354 3882 Qui,
372 3812 449 3867 class.
468 3832 520 3885 quo
537 3817 594 3884 (see
612 3819 677 3869 note
694 3834 729 3869 on
743 3833 768 3870 v.
785 3818 854 3883 101).
894 3814 1025 3887 Oumth
1041 3815 1072 3868 of
1085 3813 1134 3868 the
1151 3813 1231 3868 MSS.
1247 3814 1392 3886 isaglosa

237 3900 296 3954 The
308 3900 390 3970 thing
401 3901 560 3971 erchanged
573 3903 672 3957 stands
685 3904 822 3974 normally
835 3904 865 3957 in
878 3904 927 3958 the
939 3903 1079 3972 Ablative,
1092 3902 1175 3957 while
1185 3921 1246 3956 cam
1259 3902 1393 3957 indicates

237 3990 286 4044 the
302 3990 383 4044 other
399 3996 483 4062 pnrty
498 3996 528 4045 to
545 3991 594 4046 the
610 3994 800 4058 transactiou3
819 3994 852 4046 cf.
868 3993 973 4046 Sallust
989 3993 1053 4064 day.
1069 3992 1133 4045 xliv.
1151 3996 1167 4045 5
1185 3991 1394 4064 lirae...peeoris

237 4088 261 4132 et
282 4080 481 4151 mancipiorum
500 4081 624 4151 praedas
642 4090 770 4135 certarunt
791 4099 869 4152 apere
890 4098 973 4152 eaque
997 4089 1102 4134 mutare
1126 4097 1185 4133 cam
1205 4078 1393 4133 mercatorum

237 4167 300 4220 cino
323 4166 469 4221 advecticio
494 4178 518 4221 et
543 4168 609 4221 aliis
636 4168 743 4222 talibus.
793 4168 884 4222 These
910 4168 981 4222 lines
1009 4168 1111 4238 closely
1135 4167 1304 4238 correspond
1328 4165 1392 4221 with

237 4272 281 4309 vv.
298 4259 399 4310 100—1
417 4256 548 4310 Homines
564 4258 687 4329 captiuos
698 4259 934 4325 commacerari
949 4267 1030 4328 queat
1043 4257 1170 4329 Als‘quem
1181 4257 1308 4310 iaceam
1318 4272 1392 4310 mam

238 4344 288 4416 qai
301 4353 384 4398 navaret
393 4343 496 4415 filium.
