2954 5400
152 701 311 787 oea-⁶97]
570 719 645 770 scr.
668 720 718 769 111.
762 721 809 770 sc.
833 721 865 770 v.

154 870 285 970 Atque
310 871 358 946 ob
383 873 525 949 sutelas
550 887 637 950 tuas
662 885 703 951 te
728 878 840 950 morti
865 877 1009 965 misero,

153 989 229 1065 Vel
255 1001 296 1066 te
320 992 506 1067 interiisse
532 994 593 1069 uel
618 995 771 1094 periisse
797 995 1035 1095 praedicent3

153 1108 258 1183 Dum
284 1136 421 1208 pereas,
448 1110 542 1184 nihil
568 1110 749 1187 interdico
775 1113 881 1187 aiant
906 1114 1043 1188 uiuere.

152 1225 280 1300 TYun.
309 1227 379 1301 Pol
404 1227 436 1301 si
460 1228 558 1303 istuc
584 1228 690 1318 faxis,
716 1229 817 1303 haud
843 1229 922 1304 sine
948 1257 1068 1329 poeno
1093 1231 1232 1321 feceris,
1260 1254 1312 1306 eeu

154 1342 196 1418 si
222 1343 284 1418 ille
312 1345 384 1419 huc
409 1345 558 1434 rebitet,
586 1345 684 1420 sicut
710 1345 854 1421 confido
880 1347 1002 1423 affore.

153 1460 287 1536 Anlsr.
324 1463 398 1537 Pro
424 1462 463 1536 di
481 1463 726 1538 inmortales!
753 1492 852 1539 nunc
878 1492 947 1565 ego
967 1475 1089 1555 teneo,
1113 1493 1212 1541 nunc
1237 1467 1313 1542 scio

203 1848 260 1898 692.
295 1847 429 1914 subtessee)
442 1856 471 1897 ut
481 1850 534 1900 oid.
548 1852 569 1898 J
674 1850 730 1900 693.
765 1851 897 1914 predicent
909 1852 947 1899 B:
966 1850 1101 1912 prodiderit
1115 1852 1161 1898 vlt
1174 1849 1247 1914 (ectr.
1260 1865 1311 1899 rae.

152 1924 297 1990 predicent)
400 1927 457 1978 694.
491 1925 574 1975 nichil
586 1928 630 1976 Ε]
701 1927 973 1978 contrectemus:
991 1926 1080 1977 dicent
1092 1928 1152 1976 libri
1165 1925 1245 1991 (dicet
1264 1923 1311 1978 dl:

154 2003 263 2069 uuest)
340 2005 460 2054 intererit
469 2003 557 2055 dicent
566 2007 632 2054 Leo:
647 2005 749 2055 interdu
758 2006 846 2055 dicent
855 2008 1002 2068 Spumettus
1086 2005 1142 2056 691.
1177 2019 1262 2067 poene
1276 2006 1311 2055 V:

153 2084 259 2144 pendit
324 2083 381 2134 696.
417 2083 510 2133 rebitet
520 2085 625 2146 quidum
636 2086 705 2147 apud
715 2086 837 2134 Puteum:
854 2085 948 2135 redibit
961 2088 987 2134 et
999 2086 1059 2134 libri
1095 2083 1315 2133 condemnent

152 2159 233 2210 thore
244 2162 322 2213 Pius:
339 2160 547 2226 11101111111111
556 2179 582 2212 n.
595 2163 623 2228 l.)
722 2164 779 2216 697.
813 2163 880 2213 diit
960 2163 1200 2212 immortalesBW

152 2496 183 2550 in
195 2496 340 2566 colloquial
354 2497 436 2552 Latin
449 2498 492 2552 sor
503 2498 598 2552 nudus
609 2499 639 2552 in
651 2499 824 2568 expressions
836 2499 867 2552 of
876 2499 934 2553 this
945 2498 1021 2552 kind.
1119 2497 1308 2554 Excruotuo.

153 2583 214 2637 The
236 2584 315 2639 MSS.
338 2586 409 2639 heve
428 2586 562 2656 pessumis
582 2587 775 2652 excruciavero,
796 2586 886 2639 which
907 2585 963 2639 will
986 2585 1084 2655 hardly
1104 2602 1170 2638 scen
1191 2583 1310 2652 (Introd.

152 2669 191 2724 iii.
206 2669 222 2742 ἓ
235 2671 271 2737 9).
316 2671 494 2727 Alliteretion
515 2671 540 2726 ie
560 2690 591 2725 so
611 2672 749 2726 favourite
768 2688 805 2726 en
826 2676 972 2725 ornament
991 2672 1022 2725 of
1044 2671 1160 2724 Plautus
1180 2671 1245 2724 thet
1262 2670 1312 2724 tho

152 2757 259 2828 change
270 2763 301 2813 1ο
308 2762 442 2831 parumn
453 2761 607 2814 meruero
620 2761 644 2814 is
656 2764 706 2813 not
718 2760 901 2830 satisfactory.
934 2759 975 2814 Of.
989 2758 1085 2812 Buccis
1101 2761 1169 2812 1999
1183 2757 1312 2812 Omnibus

152 2845 281 2917 exceptu
301 2848 437 2901 erctum
457 2846 558 2918 (where
579 2846 628 2900 the
648 2847 762 2900 inferior
783 2845 863 2903 MSS.
885 2844 952 2900 offer
972 2846 1092 2914 mutor).
1139 2844 1312 2899 verb-forms

151 2931 183 2985 in
205 2949 272 2998 -aro,
293 2932 338 2989 duc.
358 2951 405 2988 ere
426 2933 536 3004 usually
555 2934 665 2987 written
685 2934 714 2986 in
734 2933 783 2987 the
806 2932 931 2987 Palatino
951 2932 1030 2988 MSS.
1053 2933 1083 2985 in
1103 2934 1152 2986 the
1170 2933 1222 2986 full
1239 2933 1311 2985 form

152 3038 250 3087 utero,
263 3020 308 3075 &c

206 3110 265 3162 699.
302 3107 434 3167 8111111111.
472 3107 545 3163 Fest.
565 3125 591 3178 p.
611 3108 732 3161 448111.
753 3107 890 3162 ‘Sutelue’
910 3108 1018 3162 1111101111
1035 3109 1154 3162 astutius
1174 3127 1193 3161 a
1213 3106 1310 3161 simiti-

153 3194 248 3248 tudiue
265 3194 401 3248 mentium
418 3195 507 3248 dictae
524 3204 593 3248 tunt.
631 3194 691 3248 The
709 3194 784 3247 word
801 3212 894 3249 recurs
912 3196 941 3249 in
962 3195 1020 3250 uae.
1037 3199 1071 3249 95
1090 3195 1215 3249 Ponione
1231 3212 1312 3248 mute

152 3281 225 3336 chrm
240 3300 281 3336 me
297 3281 389 3336 11111111
405 3284 459 3337 tuis
475 3283 631 3355 Pruenpere
646 3283 775 3337 Casinum
791 3301 906 3336 uxorem.
944 3283 996 3336 We
1011 3283 1083 3336 huuc
1094 3284 1199 3337 conntti
1212 3282 1311 3337 dultin

152 3367 253 3441 Amph.
274 3370 334 3435 367,
355 3370 453 3423 Pseud
475 3374 534 3425 540.
654 3369 751 3427 Morti
768 3371 886 3439 misero,
905 3369 961 3423 like
979 3369 1089 3439 Virgil's
1110 3370 1236 3424 domuere
1254 3371 1313 3424 mot

152 3455 198 3526 (A.
213 3455 240 3508 ii.
255 3456 309 3523 86),
322 3454 417 3511 Ovid’s
433 3475 545 3529 corpora
562 3456 613 3510 leto
628 3457 711 3509 mitta
728 3455 814 3524 (Faet.
828 3457 855 3510 ii.
869 3458 941 3524 964).
978 3456 1063 3510 Morti
1077 3456 1144 3510 dare
1159 3457 1185 3510 is
1201 3455 1269 3510 used
1282 3457 1312 3510 in

151 3543 232 3598 Mero.
247 3546 299 3598 472
311 3562 352 3597 me
364 3544 449 3599 tondeo
461 3546 542 3599 morti
553 3543 630 3598 dubo.

207 3634 265 3685 694.
303 3631 363 3686 The
387 3632 571 3688 substitution
593 3633 624 3686 oi
644 3633 704 3686 dico
723 3632 766 3686 for
785 3633 831 3686 aab
850 3632 875 3685 is
897 3649 928 3685 eo
946 3632 1075 3701 frequent
1097 3632 1125 3685 in
1147 3648 1198 3686 our
1222 3631 1311 3700 MSS,

151 3736 201 3789 eg.
215 3717 285 3772 Men
301 3722 371 3773 1046
386 3720 430 3788 (ci,
448 3724 514 3773 note
530 3737 566 3774 on
583 3719 753 3787 1711111111
770 3737 810 3772 we
826 3736 891 3789 may
904 3736 1023 3789 suppose
1039 3720 1063 3773 it
1079 3724 1109 3772 to
1126 3718 1159 3772 be
1175 3719 1224 3772 the
1240 3719 1313 3773 fault

152 3808 182 3861 in
203 3806 252 3860 the
268 3805 383 3877 reading
398 3808 430 3861 of
445 3808 494 3862 the
514 3807 593 3862 MSS.
610 3807 741 3861 interdico
759 3807 853 3861 dicum
869 3807 899 3860 in
918 3806 976 3860 thie
992 3806 1055 3860 line.
1093 3806 1148 3860 Leo
1164 3806 1268 3876 priore
1282 3811 1313 3861 1ο

152 3894 231 3949 leuve
249 3894 345 3948 duent
365 3894 420 3948 end
440 3896 545 3964 change
569 3894 699 3948 interdico
723 3899 753 3948 to
772 3895 900 3949 intererit.
944 3893 1084 3964 Spengel's
1105 3894 1264 3964 suggestion
1284 3894 1316 3947 of

152 3981 266 4048 euterdo,
284 3999 301 4035 a
319 3982 457 4052 supposed
477 3983 578 4036 Active
593 3983 625 4035 of
641 3983 755 4049 interest,
773 3983 797 4036 ie
816 3999 893 4035 more
911 3982 1066 4035 etti-entire
1104 3981 1155 4034 We
1174 3981 1246 4035 heve
1263 3981 1313 4034 the

152 4069 225 4123 form
243 4069 368 4123 interduo
387 4070 432 4139 (cf.
452 4071 548 4124 credw
565 4068 660 4122 beside
677 4069 765 4132 credo)
783 4069 812 4121 in
832 4068 922 4122 Pleut.
942 4069 1008 4139 frug.
1029 4069 1080 4122 inc.
1094 4068 1121 4122 ii.
1141 4069 1241 4122 ciccum
1258 4085 1313 4121 non

151 4157 285 4224 interduo,
299 4156 354 4211 and
371 4157 409 4211 its
422 4157 555 4228 Optative
571 4158 601 4211 in
618 4157 689 4211 trud.
704 4161 757 4210 680
770 4157 858 4211 tunae
874 4167 905 4211 tu
916 4175 955 4210 un
971 4175 1127 4229 euunyuure
1142 4157 1241 4210 ciccum
1257 4173 1313 4210 non

151 4245 307 4311 interduitn,
322 4245 398 4299 Trin.
412 4249 464 4300 994
479 4247 599 4301 Ceterum
611 4247 661 4318 qui
671 4247 714 4312 eie,
728 4246 778 4317 qui
790 4264 843 4298 non
854 4247 897 4311 eie,
904 4247 1021 4313 floccum
1033 4264 1087 4298 non
1099 4244 1254 4298 interduim.

207 4335 266 4388 696.
302 4332 548 4390 faxis...fecerie.
584 4333 643 4386 The
655 4336 711 4385 two
722 4333 808 4385 forms
820 4350 867 4386 ore
881 4333 962 4402 ogoin
975 4333 1083 4386 treated
1095 4350 1126 4384 us
1138 4330 1313 4401 equivalents
1384 4330 1390 4349 ¹

153 4422 183 4474 in
198 4420 286 4475 Pleut.
300 4421 420 4486 Fretum,
434 4421 500 4490 frug.
515 4423 563 4475 76:

259 4533 342 4587 Nunc
361 4533 429 4587 illud
447 4537 491 4586 ost
509 4532 584 4603 quod
602 4550 765 4603 responsum
784 4531 878 4585 Arreti
897 4531 970 4586 ludis
988 4531 1096 4601 mugnis
1114 4531 1231 4586 dicitur:

261 4620 358 4674 Peribo
376 4621 401 4674 si
419 4638 475 4674 non
492 4621 589 4687 secero,
608 4620 633 4673 si
650 4621 713 4674 faxo
731 4619 876 4690 uapuiebo.

207 4734 267 4788 697.
304 4731 411 4789 Teneo.
448 4732 500 4785 See
511 4735 577 4785 note
589 4748 626 4784 on
638 4749 663 4786 v.
678 4734 719 4785 10.
