2954 5400
496 1685 784 1762 PERSONAE

385 1987 626 2047 ERGASILVS
647 1990 798 2067 parasitus

386 2087 523 2146 HEGIO
544 2108 636 2147 senex

385 2184 572 2244 LORARII

385 2281 685 2342 PHILOORATES
808 2343 814 2353 ,
840 2341 846 2354 ,

385 2379 624 2439 rrunssvs
735 2348 849 2419 ΜΡΝ

385 2477 741 2537 ARISTOPHONTES
761 2479 936 2537 adulescens

386 2576 504 2636 PVER

386 2674 722 2735 PHILOPOLEMVS
743 2675 918 2735 adulescens

386 2774 645 2834 STALAGMVS
665 2794 770 2832 servus

111 3075 276 3132 Peneum.
314 3074 350 3128 In
367 3073 537 3129 eccordence
549 3074 619 3128 with
632 3073 681 3128 the
692 3077 802 3129 custom
815 3074 846 3128 os
860 3074 976 3129 modern
988 3073 1093 3128 editors
1107 3073 1121 3126 I
1134 3073 1222 3143 prosu

61 3179 96 3218 en
119 3162 220 3218 ‘index
239 3167 441 3234 personarum?
478 3163 506 3217 It
524 3164 549 3217 is
567 3166 618 3217 not
635 3163 722 3218 found
741 3164 770 3217 in
789 3163 839 3217 the
857 3162 937 3218 Mss.
976 3163 1104 3217 Donatus
1126 3163 1155 3216 in
1176 3162 1222 3217 his

60 3256 255 3321 commentery
266 3268 303 3305 on
315 3251 438 3305 Terence
449 3251 514 3305 tells
528 3268 563 3305 us
579 3250 645 3305 thet
660 3250 710 3305 the
726 3269 824 3305 names
840 3252 871 3305 of
884 3251 1042 3306 characters
1054 3251 1085 3304 in
1097 3249 1221 3321 Comedy

59 3355 132 3393 vere
148 3337 309 3408 significent
323 3355 422 3392 names
435 3338 482 3407 (cd
495 3338 549 3392 sd.
563 3353 582 3393 1.
596 3338 614 3392 i.
630 3340 656 3407 1)
668 3357 674 3392 :
694 3338 809 3392 nomina
826 3355 1015 3408 personarum,
1029 3338 1058 3391 in
1071 3337 1222 3392 comoediis

58 3424 219 3489 dumtaxat,
239 3423 341 3479 hebere
358 3424 463 3480 debent
483 3425 622 3480 rationem
641 3431 671 3480 et
691 3425 897 3496 etymologiam.
935 3425 1048 3479 Etenim
1067 3423 1221 3479 absurdum

59 3518 104 3566 est
116 3511 337 3568 comicum...vel
350 3529 452 3566 nomen
467 3529 602 3581 personae
619 3513 803 3582 incongruum
819 3511 886 3566 dure
898 3512 940 3565 vel
954 3512 1083 3578 officium,
1096 3510 1171 3581 quod
1183 3511 1222 3566 sit

52 3600 76 3653 'u
94 3598 211 3652 nominc
229 3597 388 3652 diversum:
408 3598 474 3653 hinc
492 3616 590 3653 servus
608 3599 698 3652 fidelis
717 3599 886 3665 ‘Parmeno'
902 3598 1023 3652 infidelis
1041 3598 1083 3651 vel
1103 3598 1222 3668 ‘Syrus'

59 3686 104 3741 vel
128 3686 234 3752 ‘eote’
253 3685 334 3739 miles
356 3685 494 3741 ‘Thraso'
514 3687 557 3741 vel
580 3688 724 3754 ‘Polemo'
745 3687 855 3740 iuvenis
876 3686 1072 3757 ‘Pamphilus'
1093 3690 1223 3740 metrone

59 3773 221 3845 ‘Myrrina'
239 3778 269 3828 et
287 3791 358 3843 puer
375 3775 419 3828 vel
438 3774 474 3828 eb
496 3773 578 3828 odore
597 3775 727 3828 ‘Storex'
746 3774 789 3827 vel
807 3792 825 3827 a
843 3773 909 3827 ludo
927 3780 957 3827 et
974 3792 992 3827 e
1010 3773 1222 3843 gesticulatione

59 3861 202 3917 ‘Scirtus’
214 3881 221 3915 ε
240 3867 269 3914 et
286 3862 355 3915 item
371 3861 483 3928 similis,
496 3862 525 3915 in
542 3861 647 3932 quibus
663 3878 806 3915 summum
824 3867 923 3930 poetae
936 3861 1037 3915 vitium
1050 3866 1101 3928 est,
1115 3862 1139 3914 si
1152 3860 1221 3931 quid

57 3967 74 4004 e
95 3950 239 4004 contrario
257 3951 286 4018 (a
306 3949 466 4004 charactere
483 3949 557 4020 edd.)
575 3967 733 4020 repugnans
751 3950 923 4004 contrarium
942 3949 1139 4018 diversumque
1159 3967 1221 4019 pro·

57 4038 171 4104 tulerit,
188 4037 242 4091 nisi
258 4054 308 4108 per
324 4039 484 4108 ἀντίφρασιν
499 4038 660 4093 ioculariter
677 4056 778 4092 nomen
796 4039 925 4108 imponit,
943 4043 977 4092 ut
994 4036 1222 4107 ‘Misargyrides'

58 4126 90 4180 in
104 4126 207 4179 Plauto
219 4125 324 4179 dicitur
335 4125 478 4194 trapezita.

113 4212 271 4280 Maelius
283 4216 412 4282 suggests
424 4212 572 4284 ἐργάσιμα,
587 4214 727 4283 ‘working
738 4214 781 4268 sor
793 4231 810 4267 a
823 4213 985 4268 livelihood'
999 4214 1086 4283 (often
1100 4215 1128 4266 in
1141 4230 1222 4266 sense

58 4301 92 4355 cf
103 4298 259 4354 ‘scortum’
267 4315 275 4368 3
293 4299 327 4352 cf.
342 4315 386 4353 vv.
400 4303 435 4353 69
447 4301 527 4368 sqq.).
565 4300 603 4354 Of
611 4301 752 4366 Ὀνήσιλος
764 4300 859 4355 beside
871 4303 1002 4372 ὀνήσιμος.

115 4388 214 4456 Hegio
226 4389 251 4441 is
262 4387 322 4442 slso
334 4387 384 4442 the
396 4404 479 4441 neme
490 4389 522 4441 of
531 4388 581 4442 the
592 4389 639 4442 old
651 4407 717 4442 men
731 4389 760 4442 in
773 4389 822 4444 the
834 4391 973 4463 Adelphos
984 4391 1015 4444 of
1024 4391 1152 4456 Terence,
1165 4387 1222 4441 end

58 4476 92 4530 os
100 4493 155 4530 oue
166 4476 199 4530 ol'
207 4474 256 4529 the
270 4474 428 4529 ‘advocati'
440 4475 470 4528 in
484 4474 533 4529 the
545 4475 681 4531 Phormio.

114 4564 242 4621 homil.
277 4563 338 4616 The
353 4562 471 4632 spelling
489 4563 603 4617 lotarius
621 4563 672 4617 has
690 4567 787 4634 strong
805 4571 923 4635 support
939 4566 1011 4618 from
1029 4565 1078 4618 the
1095 4564 1174 4618 MSS.
1193 4565 1224 4618 of

60 4651 120 4705 this
131 4651 197 4723 play
209 4650 267 4705 and
279 4651 310 4706 of
326 4651 433 4705 Gellius
446 4666 472 4706 x.
486 4652 524 4704 iii.
540 4655 580 4706 19.
619 4653 676 4706 But
693 4653 742 4707 the
759 4653 822 4708 best
838 4654 1026 4724 orthography
1038 4654 1070 4707 οἰ
1085 4654 1134 4708 the
1145 4654 1220 4709 word

61 4755 119 4793 wne
130 4739 160 4793 in
171 4737 210 4793 ull
221 4738 374 4794 likelihood
386 4739 511 4796 erario
551 4739 617 4811 (For
628 4741 768 4797 stetistics
779 4743 812 4798 of
820 4742 870 4798 the
881 4742 1000 4814 spelling
1011 4759 1057 4796 see
1070 4741 1179 4798 Schoell
1191 4743 1221 4796 in
